%YAML 1.1
%TAG !u! tag:unity3d.com,2011:
--- !u!29 &1
OcclusionCullingSettings:
  m_ObjectHideFlags: 0
  serializedVersion: 2
  m_OcclusionBakeSettings:
    smallestOccluder: 5
    smallestHole: 0.25
    backfaceThreshold: 100
  m_SceneGUID: 00000000000000000000000000000000
  m_OcclusionCullingData: {fileID: 0}
--- !u!104 &2
RenderSettings:
  m_ObjectHideFlags: 0
  serializedVersion: 9
  m_Fog: 0
  m_FogColor: {r: 0.5, g: 0.5, b: 0.5, a: 1}
  m_FogMode: 3
  m_FogDensity: 0.01
  m_LinearFogStart: 0
  m_LinearFogEnd: 300
  m_AmbientSkyColor: {r: 0.212, g: 0.227, b: 0.259, a: 1}
  m_AmbientEquatorColor: {r: 0.114, g: 0.125, b: 0.133, a: 1}
  m_AmbientGroundColor: {r: 0.047, g: 0.043, b: 0.035, a: 1}
  m_AmbientIntensity: 1
  m_AmbientMode: 0
  m_SubtractiveShadowColor: {r: 0.42, g: 0.478, b: 0.627, a: 1}
  m_SkyboxMaterial: {fileID: 10304, guid: 0000000000000000f000000000000000, type: 0}
  m_HaloStrength: 0.5
  m_FlareStrength: 1
  m_FlareFadeSpeed: 3
  m_HaloTexture: {fileID: 0}
  m_SpotCookie: {fileID: 10001, guid: 0000000000000000e000000000000000, type: 0}
  m_DefaultReflectionMode: 0
  m_DefaultReflectionResolution: 128
  m_ReflectionBounces: 1
  m_ReflectionIntensity: 1
  m_CustomReflection: {fileID: 0}
  m_Sun: {fileID: 0}
  m_IndirectSpecularColor: {r: 0.44657898, g: 0.4964133, b: 0.5748178, a: 1}
  m_UseRadianceAmbientProbe: 0
--- !u!157 &3
LightmapSettings:
  m_ObjectHideFlags: 0
  serializedVersion: 11
  m_GIWorkflowMode: 0
  m_GISettings:
    serializedVersion: 2
    m_BounceScale: 1
    m_IndirectOutputScale: 1
    m_AlbedoBoost: 1
    m_TemporalCoherenceThreshold: 1
    m_EnvironmentLightingMode: 0
    m_EnableBakedLightmaps: 1
    m_EnableRealtimeLightmaps: 1
  m_LightmapEditorSettings:
    serializedVersion: 10
    m_Resolution: 2
    m_BakeResolution: 40
    m_AtlasSize: 1024
    m_AO: 0
    m_AOMaxDistance: 1
    m_CompAOExponent: 1
    m_CompAOExponentDirect: 0
    m_Padding: 2
    m_LightmapParameters: {fileID: 0}
    m_LightmapsBakeMode: 1
    m_TextureCompression: 1
    m_FinalGather: 0
    m_FinalGatherFiltering: 1
    m_FinalGatherRayCount: 256
    m_ReflectionCompression: 2
    m_MixedBakeMode: 2
    m_BakeBackend: 1
    m_PVRSampling: 1
    m_PVRDirectSampleCount: 32
    m_PVRSampleCount: 500
    m_PVRBounces: 2
    m_PVRFilterTypeDirect: 0
    m_PVRFilterTypeIndirect: 0
    m_PVRFilterTypeAO: 0
    m_PVRFilteringMode: 1
    m_PVRCulling: 1
    m_PVRFilteringGaussRadiusDirect: 1
    m_PVRFilteringGaussRadiusIndirect: 5
    m_PVRFilteringGaussRadiusAO: 2
    m_PVRFilteringAtrousPositionSigmaDirect: 0.5
    m_PVRFilteringAtrousPositionSigmaIndirect: 2
    m_PVRFilteringAtrousPositionSigmaAO: 1
    m_ShowResolutionOverlay: 1
  m_LightingDataAsset: {fileID: 0}
  m_UseShadowmask: 1
--- !u!196 &4
NavMeshSettings:
  serializedVersion: 2
  m_ObjectHideFlags: 0
  m_BuildSettings:
    serializedVersion: 2
    agentTypeID: 0
    agentRadius: 0.5
    agentHeight: 2
    agentSlope: 45
    agentClimb: 0.4
    ledgeDropHeight: 0
    maxJumpAcrossDistance: 0
    minRegionArea: 2
    manualCellSize: 0
    cellSize: 0.16666667
    manualTileSize: 0
    tileSize: 256
    accuratePlacement: 0
    debug:
      m_Flags: 0
  m_NavMeshData: {fileID: 0}
--- !u!224 &45131838 stripped
RectTransform:
  m_CorrespondingSourceObject: {fileID: 224260789172368242, guid: 14ade613f2ed2c946a616d4e81845c8a,
    type: 2}
  m_PrefabInternal: {fileID: 360231492}
--- !u!1001 &360231492
Prefab:
  m_ObjectHideFlags: 0
  serializedVersion: 2
  m_Modification:
    m_TransformParent: {fileID: 659856407}
    m_Modifications:
    - target: {fileID: 224260789172368242, guid: 14ade613f2ed2c946a616d4e81845c8a,
        type: 2}
      propertyPath: m_LocalPosition.x
      value: 0
      objectReference: {fileID: 0}
    - target: {fileID: 224260789172368242, guid: 14ade613f2ed2c946a616d4e81845c8a,
        type: 2}
      propertyPath: m_LocalPosition.y
      value: 0
      objectReference: {fileID: 0}
    - target: {fileID: 224260789172368242, guid: 14ade613f2ed2c946a616d4e81845c8a,
        type: 2}
      propertyPath: m_LocalPosition.z
      value: 0
      objectReference: {fileID: 0}
    - target: {fileID: 224260789172368242, guid: 14ade613f2ed2c946a616d4e81845c8a,
        type: 2}
      propertyPath: m_LocalRotation.x
      value: -0
      objectReference: {fileID: 0}
    - target: {fileID: 224260789172368242, guid: 14ade613f2ed2c946a616d4e81845c8a,
        type: 2}
      propertyPath: m_LocalRotation.y
      value: -0
      objectReference: {fileID: 0}
    - target: {fileID: 224260789172368242, guid: 14ade613f2ed2c946a616d4e81845c8a,
        type: 2}
      propertyPath: m_LocalRotation.z
      value: -0
      objectReference: {fileID: 0}
    - target: {fileID: 224260789172368242, guid: 14ade613f2ed2c946a616d4e81845c8a,
        type: 2}
      propertyPath: m_LocalRotation.w
      value: 1
      objectReference: {fileID: 0}
    - target: {fileID: 224260789172368242, guid: 14ade613f2ed2c946a616d4e81845c8a,
        type: 2}
      propertyPath: m_RootOrder
      value: 3
      objectReference: {fileID: 0}
    - target: {fileID: 224260789172368242, guid: 14ade613f2ed2c946a616d4e81845c8a,
        type: 2}
      propertyPath: m_AnchoredPosition.x
      value: 643.2
      objectReference: {fileID: 0}
    - target: {fileID: 224260789172368242, guid: 14ade613f2ed2c946a616d4e81845c8a,
        type: 2}
      propertyPath: m_AnchoredPosition.y
      value: 0.0015721
      objectReference: {fileID: 0}
    - target: {fileID: 224260789172368242, guid: 14ade613f2ed2c946a616d4e81845c8a,
        type: 2}
      propertyPath: m_SizeDelta.x
      value: 471
      objectReference: {fileID: 0}
    - target: {fileID: 224260789172368242, guid: 14ade613f2ed2c946a616d4e81845c8a,
        type: 2}
      propertyPath: m_SizeDelta.y
      value: 952.5
      objectReference: {fileID: 0}
    - target: {fileID: 224260789172368242, guid: 14ade613f2ed2c946a616d4e81845c8a,
        type: 2}
      propertyPath: m_AnchorMin.x
      value: 0.5
      objectReference: {fileID: 0}
    - target: {fileID: 224260789172368242, guid: 14ade613f2ed2c946a616d4e81845c8a,
        type: 2}
      propertyPath: m_AnchorMin.y
      value: 0.5
      objectReference: {fileID: 0}
    - target: {fileID: 224260789172368242, guid: 14ade613f2ed2c946a616d4e81845c8a,
        type: 2}
      propertyPath: m_AnchorMax.x
      value: 0.5
      objectReference: {fileID: 0}
    - target: {fileID: 224260789172368242, guid: 14ade613f2ed2c946a616d4e81845c8a,
        type: 2}
      propertyPath: m_AnchorMax.y
      value: 0.5
      objectReference: {fileID: 0}
    - target: {fileID: 224260789172368242, guid: 14ade613f2ed2c946a616d4e81845c8a,
        type: 2}
      propertyPath: m_Pivot.x
      value: 0.5
      objectReference: {fileID: 0}
    - target: {fileID: 224260789172368242, guid: 14ade613f2ed2c946a616d4e81845c8a,
        type: 2}
      propertyPath: m_Pivot.y
      value: 0.5
      objectReference: {fileID: 0}
    - target: {fileID: 114372542909463416, guid: 14ade613f2ed2c946a616d4e81845c8a,
        type: 2}
      propertyPath: m_OnClick.m_PersistentCalls.m_Calls.Array.data[0].m_Target
      value: 
      objectReference: {fileID: 806128859}
    - target: {fileID: 114915514326478310, guid: 14ade613f2ed2c946a616d4e81845c8a,
        type: 2}
      propertyPath: m_Enabled
      value: 1
      objectReference: {fileID: 0}
    - target: {fileID: 114915514326478310, guid: 14ade613f2ed2c946a616d4e81845c8a,
        type: 2}
      propertyPath: m_Sprite
      value: 
      objectReference: {fileID: 21300000, guid: 061ccc5e9bdfb814889b34a1ab81ee46,
        type: 3}
    - target: {fileID: 114915514326478310, guid: 14ade613f2ed2c946a616d4e81845c8a,
        type: 2}
      propertyPath: m_Type
      value: 0
      objectReference: {fileID: 0}
    - target: {fileID: 114915514326478310, guid: 14ade613f2ed2c946a616d4e81845c8a,
        type: 2}
      propertyPath: m_PreserveAspect
      value: 0
      objectReference: {fileID: 0}
    - target: {fileID: 114915514326478310, guid: 14ade613f2ed2c946a616d4e81845c8a,
        type: 2}
      propertyPath: m_Color.a
      value: 0.6431373
      objectReference: {fileID: 0}
    m_RemovedComponents: []
  m_SourcePrefab: {fileID: 100100000, guid: 14ade613f2ed2c946a616d4e81845c8a, type: 2}
  m_IsPrefabAsset: 0
--- !u!1 &414108505
GameObject:
  m_ObjectHideFlags: 0
  m_CorrespondingSourceObject: {fileID: 0}
  m_PrefabInternal: {fileID: 0}
  serializedVersion: 6
  m_Component:
  - component: {fileID: 414108506}
  - component: {fileID: 414108509}
  - component: {fileID: 414108508}
  - component: {fileID: 414108507}
  m_Layer: 0
  m_Name: Plane
  m_TagString: Untagged
  m_Icon: {fileID: 0}
  m_NavMeshLayer: 0
  m_StaticEditorFlags: 0
  m_IsActive: 1
--- !u!4 &414108506
Transform:
  m_ObjectHideFlags: 0
  m_CorrespondingSourceObject: {fileID: 0}
  m_PrefabInternal: {fileID: 0}
  m_GameObject: {fileID: 414108505}
  m_LocalRotation: {x: 0, y: 0, z: 0, w: 1}
  m_LocalPosition: {x: 0, y: 0, z: 0}
  m_LocalScale: {x: 2, y: 2, z: 2}
  m_Children: []
  m_Father: {fileID: 795228992}
  m_RootOrder: 1
  m_LocalEulerAnglesHint: {x: 0, y: 0, z: 0}
--- !u!64 &414108507
MeshCollider:
  m_ObjectHideFlags: 0
  m_CorrespondingSourceObject: {fileID: 0}
  m_PrefabInternal: {fileID: 0}
  m_GameObject: {fileID: 414108505}
  m_Material: {fileID: 0}
  m_IsTrigger: 0
  m_Enabled: 1
  serializedVersion: 3
  m_Convex: 0
  m_CookingOptions: 14
  m_SkinWidth: 0.01
  m_Mesh: {fileID: 10209, guid: 0000000000000000e000000000000000, type: 0}
--- !u!23 &414108508
MeshRenderer:
  m_ObjectHideFlags: 0
  m_CorrespondingSourceObject: {fileID: 0}
  m_PrefabInternal: {fileID: 0}
  m_GameObject: {fileID: 414108505}
  m_Enabled: 1
  m_CastShadows: 1
  m_ReceiveShadows: 1
  m_DynamicOccludee: 1
  m_MotionVectors: 1
  m_LightProbeUsage: 1
  m_ReflectionProbeUsage: 1
  m_RenderingLayerMask: 4294967295
  m_Materials:
  - {fileID: 10303, guid: 0000000000000000f000000000000000, type: 0}
  m_StaticBatchInfo:
    firstSubMesh: 0
    subMeshCount: 0
  m_StaticBatchRoot: {fileID: 0}
  m_ProbeAnchor: {fileID: 0}
  m_LightProbeVolumeOverride: {fileID: 0}
  m_ScaleInLightmap: 1
  m_PreserveUVs: 0
  m_IgnoreNormalsForChartDetection: 0
  m_ImportantGI: 0
  m_StitchLightmapSeams: 0
  m_SelectedEditorRenderState: 3
  m_MinimumChartSize: 4
  m_AutoUVMaxDistance: 0.5
  m_AutoUVMaxAngle: 89
  m_LightmapParameters: {fileID: 0}
  m_SortingLayerID: 0
  m_SortingLayer: 0
  m_SortingOrder: 0
--- !u!33 &414108509
MeshFilter:
  m_ObjectHideFlags: 0
  m_CorrespondingSourceObject: {fileID: 0}
  m_PrefabInternal: {fileID: 0}
  m_GameObject: {fileID: 414108505}
  m_Mesh: {fileID: 10209, guid: 0000000000000000e000000000000000, type: 0}
--- !u!1 &433539691
GameObject:
  m_ObjectHideFlags: 0
  m_CorrespondingSourceObject: {fileID: 0}
  m_PrefabInternal: {fileID: 0}
  serializedVersion: 6
  m_Component:
  - component: {fileID: 433539693}
  - component: {fileID: 433539692}
  m_Layer: 0
  m_Name: Directional Light
  m_TagString: Untagged
  m_Icon: {fileID: 0}
  m_NavMeshLayer: 0
  m_StaticEditorFlags: 0
  m_IsActive: 1
--- !u!108 &433539692
Light:
  m_ObjectHideFlags: 0
  m_CorrespondingSourceObject: {fileID: 0}
  m_PrefabInternal: {fileID: 0}
  m_GameObject: {fileID: 433539691}
  m_Enabled: 1
  serializedVersion: 8
  m_Type: 1
  m_Color: {r: 1, g: 0.95686275, b: 0.8392157, a: 1}
  m_Intensity: 1
  m_Range: 10
  m_SpotAngle: 30
  m_CookieSize: 10
  m_Shadows:
    m_Type: 2
    m_Resolution: -1
    m_CustomResolution: -1
    m_Strength: 1
    m_Bias: 0.05
    m_NormalBias: 0.4
    m_NearPlane: 0.2
  m_Cookie: {fileID: 0}
  m_DrawHalo: 0
  m_Flare: {fileID: 0}
  m_RenderMode: 0
  m_CullingMask:
    serializedVersion: 2
    m_Bits: 4294967295
  m_Lightmapping: 4
  m_LightShadowCasterMode: 0
  m_AreaSize: {x: 1, y: 1}
  m_BounceIntensity: 1
  m_ColorTemperature: 6570
  m_UseColorTemperature: 0
  m_ShadowRadius: 0
  m_ShadowAngle: 0
--- !u!4 &433539693
Transform:
  m_ObjectHideFlags: 0
  m_CorrespondingSourceObject: {fileID: 0}
  m_PrefabInternal: {fileID: 0}
  m_GameObject: {fileID: 433539691}
  m_LocalRotation: {x: 0.40821788, y: -0.23456968, z: 0.10938163, w: 0.8754261}
  m_LocalPosition: {x: 0, y: 3, z: 0}
  m_LocalScale: {x: 1, y: 1, z: 1}
  m_Children: []
  m_Father: {fileID: 0}
  m_RootOrder: 1
  m_LocalEulerAnglesHint: {x: 50, y: -30, z: 0}
--- !u!1001 &503542717
Prefab:
  m_ObjectHideFlags: 0
  serializedVersion: 2
  m_Modification:
    m_TransformParent: {fileID: 659856407}
    m_Modifications:
    - target: {fileID: 114921370095940540, guid: 88df1a47ef71ed245aed545285150ad2,
        type: 2}
      propertyPath: m_OnClick.m_PersistentCalls.m_Calls.Array.size
      value: 1
      objectReference: {fileID: 0}
    - target: {fileID: 224672170663557808, guid: 88df1a47ef71ed245aed545285150ad2,
        type: 2}
      propertyPath: m_LocalPosition.x
      value: 0
      objectReference: {fileID: 0}
    - target: {fileID: 224672170663557808, guid: 88df1a47ef71ed245aed545285150ad2,
        type: 2}
      propertyPath: m_LocalPosition.y
      value: 0
      objectReference: {fileID: 0}
    - target: {fileID: 224672170663557808, guid: 88df1a47ef71ed245aed545285150ad2,
        type: 2}
      propertyPath: m_LocalPosition.z
      value: 0
      objectReference: {fileID: 0}
    - target: {fileID: 224672170663557808, guid: 88df1a47ef71ed245aed545285150ad2,
        type: 2}
      propertyPath: m_LocalRotation.x
      value: -0
      objectReference: {fileID: 0}
    - target: {fileID: 224672170663557808, guid: 88df1a47ef71ed245aed545285150ad2,
        type: 2}
      propertyPath: m_LocalRotation.y
      value: -0
      objectReference: {fileID: 0}
    - target: {fileID: 224672170663557808, guid: 88df1a47ef71ed245aed545285150ad2,
        type: 2}
      propertyPath: m_LocalRotation.z
      value: -0
      objectReference: {fileID: 0}
    - target: {fileID: 224672170663557808, guid: 88df1a47ef71ed245aed545285150ad2,
        type: 2}
      propertyPath: m_LocalRotation.w
      value: 1
      objectReference: {fileID: 0}
    - target: {fileID: 224672170663557808, guid: 88df1a47ef71ed245aed545285150ad2,
        type: 2}
      propertyPath: m_RootOrder
      value: 1
      objectReference: {fileID: 0}
    - target: {fileID: 224672170663557808, guid: 88df1a47ef71ed245aed545285150ad2,
        type: 2}
      propertyPath: m_AnchoredPosition.x
      value: -0.000061035156
      objectReference: {fileID: 0}
    - target: {fileID: 224672170663557808, guid: 88df1a47ef71ed245aed545285150ad2,
        type: 2}
      propertyPath: m_AnchoredPosition.y
      value: -0.000061035156
      objectReference: {fileID: 0}
    - target: {fileID: 224672170663557808, guid: 88df1a47ef71ed245aed545285150ad2,
        type: 2}
      propertyPath: m_SizeDelta.x
      value: 1757.4
      objectReference: {fileID: 0}
    - target: {fileID: 224672170663557808, guid: 88df1a47ef71ed245aed545285150ad2,
        type: 2}
      propertyPath: m_SizeDelta.y
      value: 952.5
      objectReference: {fileID: 0}
    - target: {fileID: 224672170663557808, guid: 88df1a47ef71ed245aed545285150ad2,
        type: 2}
      propertyPath: m_AnchorMin.x
      value: 0.5
      objectReference: {fileID: 0}
    - target: {fileID: 224672170663557808, guid: 88df1a47ef71ed245aed545285150ad2,
        type: 2}
      propertyPath: m_AnchorMin.y
      value: 0.5
      objectReference: {fileID: 0}
    - target: {fileID: 224672170663557808, guid: 88df1a47ef71ed245aed545285150ad2,
        type: 2}
      propertyPath: m_AnchorMax.x
      value: 0.5
      objectReference: {fileID: 0}
    - target: {fileID: 224672170663557808, guid: 88df1a47ef71ed245aed545285150ad2,
        type: 2}
      propertyPath: m_AnchorMax.y
      value: 0.5
      objectReference: {fileID: 0}
    - target: {fileID: 224672170663557808, guid: 88df1a47ef71ed245aed545285150ad2,
        type: 2}
      propertyPath: m_Pivot.x
      value: 0.5
      objectReference: {fileID: 0}
    - target: {fileID: 224672170663557808, guid: 88df1a47ef71ed245aed545285150ad2,
        type: 2}
      propertyPath: m_Pivot.y
      value: 0.5
      objectReference: {fileID: 0}
    - target: {fileID: 114754236415705784, guid: 88df1a47ef71ed245aed545285150ad2,
        type: 2}
      propertyPath: m_havePropertiesChanged
      value: 1
      objectReference: {fileID: 0}
    - target: {fileID: 114754236415705784, guid: 88df1a47ef71ed245aed545285150ad2,
        type: 2}
      propertyPath: m_isInputParsingRequired
      value: 1
      objectReference: {fileID: 0}
    - target: {fileID: 1565376698643818, guid: 88df1a47ef71ed245aed545285150ad2, type: 2}
      propertyPath: m_IsActive
      value: 0
      objectReference: {fileID: 0}
    - target: {fileID: 114921370095940540, guid: 88df1a47ef71ed245aed545285150ad2,
        type: 2}
      propertyPath: m_OnClick.m_PersistentCalls.m_Calls.Array.data[0].m_Mode
      value: 1
      objectReference: {fileID: 0}
    - target: {fileID: 114921370095940540, guid: 88df1a47ef71ed245aed545285150ad2,
        type: 2}
      propertyPath: m_OnClick.m_PersistentCalls.m_Calls.Array.data[0].m_CallState
      value: 2
      objectReference: {fileID: 0}
    - target: {fileID: 114921370095940540, guid: 88df1a47ef71ed245aed545285150ad2,
        type: 2}
      propertyPath: m_OnClick.m_PersistentCalls.m_Calls.Array.data[0].m_Target
      value: 
      objectReference: {fileID: 806128859}
    - target: {fileID: 114921370095940540, guid: 88df1a47ef71ed245aed545285150ad2,
        type: 2}
      propertyPath: m_OnClick.m_PersistentCalls.m_Calls.Array.data[0].m_MethodName
      value: KillEverything
      objectReference: {fileID: 0}
    - target: {fileID: 114921370095940540, guid: 88df1a47ef71ed245aed545285150ad2,
        type: 2}
      propertyPath: m_OnClick.m_PersistentCalls.m_Calls.Array.data[0].m_Arguments.m_ObjectArgumentAssemblyTypeName
      value: UnityEngine.Object, UnityEngine
      objectReference: {fileID: 0}
    m_RemovedComponents: []
  m_SourcePrefab: {fileID: 100100000, guid: 88df1a47ef71ed245aed545285150ad2, type: 2}
  m_IsPrefabAsset: 0
--- !u!1001 &541004414
Prefab:
  m_ObjectHideFlags: 0
  serializedVersion: 2
  m_Modification:
    m_TransformParent: {fileID: 1770118456}
    m_Modifications:
    - target: {fileID: 224549917857091908, guid: a81b9ac125797b346a41a4b3900c7b8e,
        type: 2}
      propertyPath: m_LocalPosition.x
      value: 0
      objectReference: {fileID: 0}
    - target: {fileID: 224549917857091908, guid: a81b9ac125797b346a41a4b3900c7b8e,
        type: 2}
      propertyPath: m_LocalPosition.y
      value: 0
      objectReference: {fileID: 0}
    - target: {fileID: 224549917857091908, guid: a81b9ac125797b346a41a4b3900c7b8e,
        type: 2}
      propertyPath: m_LocalPosition.z
      value: 0
      objectReference: {fileID: 0}
    - target: {fileID: 224549917857091908, guid: a81b9ac125797b346a41a4b3900c7b8e,
        type: 2}
      propertyPath: m_LocalRotation.x
      value: -0
      objectReference: {fileID: 0}
    - target: {fileID: 224549917857091908, guid: a81b9ac125797b346a41a4b3900c7b8e,
        type: 2}
      propertyPath: m_LocalRotation.y
      value: -0
      objectReference: {fileID: 0}
    - target: {fileID: 224549917857091908, guid: a81b9ac125797b346a41a4b3900c7b8e,
        type: 2}
      propertyPath: m_LocalRotation.z
      value: -0
      objectReference: {fileID: 0}
    - target: {fileID: 224549917857091908, guid: a81b9ac125797b346a41a4b3900c7b8e,
        type: 2}
      propertyPath: m_LocalRotation.w
      value: 1
      objectReference: {fileID: 0}
    - target: {fileID: 224549917857091908, guid: a81b9ac125797b346a41a4b3900c7b8e,
        type: 2}
      propertyPath: m_RootOrder
      value: 1
      objectReference: {fileID: 0}
    - target: {fileID: 224549917857091908, guid: a81b9ac125797b346a41a4b3900c7b8e,
        type: 2}
      propertyPath: m_AnchoredPosition.x
      value: 0
      objectReference: {fileID: 0}
    - target: {fileID: 224549917857091908, guid: a81b9ac125797b346a41a4b3900c7b8e,
        type: 2}
      propertyPath: m_AnchoredPosition.y
      value: 0
      objectReference: {fileID: 0}
    - target: {fileID: 224549917857091908, guid: a81b9ac125797b346a41a4b3900c7b8e,
        type: 2}
      propertyPath: m_SizeDelta.x
      value: 1757.4
      objectReference: {fileID: 0}
    - target: {fileID: 224549917857091908, guid: a81b9ac125797b346a41a4b3900c7b8e,
        type: 2}
      propertyPath: m_SizeDelta.y
      value: 952.5
      objectReference: {fileID: 0}
    - target: {fileID: 224549917857091908, guid: a81b9ac125797b346a41a4b3900c7b8e,
        type: 2}
      propertyPath: m_AnchorMin.x
      value: 0.5
      objectReference: {fileID: 0}
    - target: {fileID: 224549917857091908, guid: a81b9ac125797b346a41a4b3900c7b8e,
        type: 2}
      propertyPath: m_AnchorMin.y
      value: 0.5
      objectReference: {fileID: 0}
    - target: {fileID: 224549917857091908, guid: a81b9ac125797b346a41a4b3900c7b8e,
        type: 2}
      propertyPath: m_AnchorMax.x
      value: 0.5
      objectReference: {fileID: 0}
    - target: {fileID: 224549917857091908, guid: a81b9ac125797b346a41a4b3900c7b8e,
        type: 2}
      propertyPath: m_AnchorMax.y
      value: 0.5
      objectReference: {fileID: 0}
    - target: {fileID: 224549917857091908, guid: a81b9ac125797b346a41a4b3900c7b8e,
        type: 2}
      propertyPath: m_Pivot.x
      value: 0.5
      objectReference: {fileID: 0}
    - target: {fileID: 224549917857091908, guid: a81b9ac125797b346a41a4b3900c7b8e,
        type: 2}
      propertyPath: m_Pivot.y
      value: 0.5
      objectReference: {fileID: 0}
    - target: {fileID: 114612495948432638, guid: a81b9ac125797b346a41a4b3900c7b8e,
        type: 2}
      propertyPath: m_Sprite
      value: 
      objectReference: {fileID: 21300000, guid: 061ccc5e9bdfb814889b34a1ab81ee46,
        type: 3}
    - target: {fileID: 114612495948432638, guid: a81b9ac125797b346a41a4b3900c7b8e,
        type: 2}
      propertyPath: m_Type
      value: 0
      objectReference: {fileID: 0}
    - target: {fileID: 114612495948432638, guid: a81b9ac125797b346a41a4b3900c7b8e,
        type: 2}
      propertyPath: m_Color.a
      value: 0.8666667
      objectReference: {fileID: 0}
    - target: {fileID: 114612495948432638, guid: a81b9ac125797b346a41a4b3900c7b8e,
        type: 2}
      propertyPath: m_Color.r
      value: 1
      objectReference: {fileID: 0}
    - target: {fileID: 114612495948432638, guid: a81b9ac125797b346a41a4b3900c7b8e,
        type: 2}
      propertyPath: m_Color.g
      value: 1
      objectReference: {fileID: 0}
    - target: {fileID: 114612495948432638, guid: a81b9ac125797b346a41a4b3900c7b8e,
        type: 2}
      propertyPath: m_Color.b
      value: 1
      objectReference: {fileID: 0}
    - target: {fileID: 1770171178677858, guid: a81b9ac125797b346a41a4b3900c7b8e, type: 2}
      propertyPath: m_IsActive
      value: 1
      objectReference: {fileID: 0}
    m_RemovedComponents: []
  m_SourcePrefab: {fileID: 100100000, guid: a81b9ac125797b346a41a4b3900c7b8e, type: 2}
  m_IsPrefabAsset: 0
--- !u!224 &541004415 stripped
RectTransform:
  m_CorrespondingSourceObject: {fileID: 224549917857091908, guid: a81b9ac125797b346a41a4b3900c7b8e,
    type: 2}
  m_PrefabInternal: {fileID: 541004414}
--- !u!1001 &644470707
Prefab:
  m_ObjectHideFlags: 0
  serializedVersion: 2
  m_Modification:
    m_TransformParent: {fileID: 795228992}
    m_Modifications:
    - target: {fileID: 4023885084612402, guid: 1668b41f01ea214449a4bb8aa5c08dd1, type: 2}
      propertyPath: m_LocalPosition.x
      value: 0
      objectReference: {fileID: 0}
    - target: {fileID: 4023885084612402, guid: 1668b41f01ea214449a4bb8aa5c08dd1, type: 2}
      propertyPath: m_LocalPosition.y
      value: 0
      objectReference: {fileID: 0}
    - target: {fileID: 4023885084612402, guid: 1668b41f01ea214449a4bb8aa5c08dd1, type: 2}
      propertyPath: m_LocalPosition.z
      value: 0
      objectReference: {fileID: 0}
    - target: {fileID: 4023885084612402, guid: 1668b41f01ea214449a4bb8aa5c08dd1, type: 2}
      propertyPath: m_LocalRotation.x
      value: -0
      objectReference: {fileID: 0}
    - target: {fileID: 4023885084612402, guid: 1668b41f01ea214449a4bb8aa5c08dd1, type: 2}
      propertyPath: m_LocalRotation.y
      value: -0
      objectReference: {fileID: 0}
    - target: {fileID: 4023885084612402, guid: 1668b41f01ea214449a4bb8aa5c08dd1, type: 2}
      propertyPath: m_LocalRotation.z
      value: -0
      objectReference: {fileID: 0}
    - target: {fileID: 4023885084612402, guid: 1668b41f01ea214449a4bb8aa5c08dd1, type: 2}
      propertyPath: m_LocalRotation.w
      value: 1
      objectReference: {fileID: 0}
    - target: {fileID: 4023885084612402, guid: 1668b41f01ea214449a4bb8aa5c08dd1, type: 2}
      propertyPath: m_RootOrder
      value: 3
      objectReference: {fileID: 0}
    - target: {fileID: 4023885084612402, guid: 1668b41f01ea214449a4bb8aa5c08dd1, type: 2}
      propertyPath: m_LocalScale.x
      value: 1
      objectReference: {fileID: 0}
    - target: {fileID: 4023885084612402, guid: 1668b41f01ea214449a4bb8aa5c08dd1, type: 2}
      propertyPath: m_LocalScale.y
      value: 1
      objectReference: {fileID: 0}
    - target: {fileID: 4023885084612402, guid: 1668b41f01ea214449a4bb8aa5c08dd1, type: 2}
      propertyPath: m_LocalScale.z
      value: 1
      objectReference: {fileID: 0}
    - target: {fileID: 4168641048492308, guid: 1668b41f01ea214449a4bb8aa5c08dd1, type: 2}
      propertyPath: m_LocalPosition.x
      value: 10.5
      objectReference: {fileID: 0}
    - target: {fileID: 4151779543321828, guid: 1668b41f01ea214449a4bb8aa5c08dd1, type: 2}
      propertyPath: m_LocalPosition.x
      value: -10.5
      objectReference: {fileID: 0}
    - target: {fileID: 4283785835302140, guid: 1668b41f01ea214449a4bb8aa5c08dd1, type: 2}
      propertyPath: m_LocalPosition.z
      value: 10.5
      objectReference: {fileID: 0}
    - target: {fileID: 4329296491220392, guid: 1668b41f01ea214449a4bb8aa5c08dd1, type: 2}
      propertyPath: m_LocalPosition.z
      value: -10.5
      objectReference: {fileID: 0}
    m_RemovedComponents: []
  m_SourcePrefab: {fileID: 100100000, guid: 1668b41f01ea214449a4bb8aa5c08dd1, type: 2}
  m_IsPrefabAsset: 0
--- !u!1 &645005481 stripped
GameObject:
  m_CorrespondingSourceObject: {fileID: 1980589061755392, guid: b21d2b505445f8f40bc939bfc68548af,
    type: 2}
  m_PrefabInternal: {fileID: 1270020479}
--- !u!1 &659856406
GameObject:
  m_ObjectHideFlags: 0
  m_CorrespondingSourceObject: {fileID: 0}
  m_PrefabInternal: {fileID: 0}
  serializedVersion: 6
  m_Component:
  - component: {fileID: 659856407}
  m_Layer: 5
  m_Name: ControlParent
  m_TagString: Untagged
  m_Icon: {fileID: 0}
  m_NavMeshLayer: 0
  m_StaticEditorFlags: 0
  m_IsActive: 1
--- !u!224 &659856407
RectTransform:
  m_ObjectHideFlags: 0
  m_CorrespondingSourceObject: {fileID: 0}
  m_PrefabInternal: {fileID: 0}
  m_GameObject: {fileID: 659856406}
  m_LocalRotation: {x: 0, y: 0, z: 0, w: 1}
  m_LocalPosition: {x: 0, y: 0, z: 0}
  m_LocalScale: {x: 1, y: 1, z: 1}
  m_Children:
  - {fileID: 789820863}
  - {fileID: 1756783425}
  - {fileID: 1343730732}
  - {fileID: 45131838}
  m_Father: {fileID: 1770118456}
  m_RootOrder: 2
  m_LocalEulerAnglesHint: {x: 0, y: 0, z: 0}
  m_AnchorMin: {x: 0, y: 0}
  m_AnchorMax: {x: 1, y: 1}
  m_AnchoredPosition: {x: 0, y: 0}
  m_SizeDelta: {x: 0, y: 0}
  m_Pivot: {x: 0.5, y: 0.5}
--- !u!1 &704307601
GameObject:
  m_ObjectHideFlags: 0
  m_CorrespondingSourceObject: {fileID: 0}
  m_PrefabInternal: {fileID: 0}
  serializedVersion: 6
  m_Component:
  - component: {fileID: 704307604}
  - component: {fileID: 704307603}
  - component: {fileID: 704307602}
  m_Layer: 0
  m_Name: UICamera
  m_TagString: Untagged
  m_Icon: {fileID: 0}
  m_NavMeshLayer: 0
  m_StaticEditorFlags: 0
  m_IsActive: 1
--- !u!81 &704307602
AudioListener:
  m_ObjectHideFlags: 0
  m_CorrespondingSourceObject: {fileID: 0}
  m_PrefabInternal: {fileID: 0}
  m_GameObject: {fileID: 704307601}
  m_Enabled: 1
--- !u!20 &704307603
Camera:
  m_ObjectHideFlags: 0
  m_CorrespondingSourceObject: {fileID: 0}
  m_PrefabInternal: {fileID: 0}
  m_GameObject: {fileID: 704307601}
  m_Enabled: 1
  serializedVersion: 2
  m_ClearFlags: 3
  m_BackGroundColor: {r: 0.19215687, g: 0.3019608, b: 0.4745098, a: 0}
  m_projectionMatrixMode: 1
  m_SensorSize: {x: 36, y: 24}
  m_LensShift: {x: 0, y: 0}
  m_FocalLength: 50
  m_NormalizedViewPortRect:
    serializedVersion: 2
    x: 0
    y: 0
    width: 1
    height: 1
  near clip plane: 0.3
  far clip plane: 1000
  field of view: 60
  orthographic: 0
  orthographic size: 5
  m_Depth: 0
  m_CullingMask:
    serializedVersion: 2
    m_Bits: 32
  m_RenderingPath: -1
  m_TargetTexture: {fileID: 0}
  m_TargetDisplay: 0
  m_TargetEye: 3
  m_HDR: 1
  m_AllowMSAA: 1
  m_AllowDynamicResolution: 0
  m_ForceIntoRT: 0
  m_OcclusionCulling: 1
  m_StereoConvergence: 10
  m_StereoSeparation: 0.022
--- !u!4 &704307604
Transform:
  m_ObjectHideFlags: 0
  m_CorrespondingSourceObject: {fileID: 0}
  m_PrefabInternal: {fileID: 0}
  m_GameObject: {fileID: 704307601}
  m_LocalRotation: {x: -0, y: -0, z: -0, w: 1}
  m_LocalPosition: {x: 0, y: 0, z: 0}
  m_LocalScale: {x: 1, y: 1, z: 1}
  m_Children: []
  m_Father: {fileID: 0}
  m_RootOrder: 2
  m_LocalEulerAnglesHint: {x: 0, y: 0, z: 0}
--- !u!224 &779170652 stripped
RectTransform:
  m_CorrespondingSourceObject: {fileID: 224436502292192854, guid: e965d44225ac5e34887c814ce645f040,
    type: 2}
  m_PrefabInternal: {fileID: 1462048485}
--- !u!224 &789820863 stripped
RectTransform:
  m_CorrespondingSourceObject: {fileID: 224976981903498420, guid: b21d2b505445f8f40bc939bfc68548af,
    type: 2}
  m_PrefabInternal: {fileID: 1270020479}
--- !u!1 &795228991
GameObject:
  m_ObjectHideFlags: 0
  m_CorrespondingSourceObject: {fileID: 0}
  m_PrefabInternal: {fileID: 0}
  serializedVersion: 6
  m_Component:
  - component: {fileID: 795228992}
  m_Layer: 0
  m_Name: NonUI
  m_TagString: Untagged
  m_Icon: {fileID: 0}
  m_NavMeshLayer: 0
  m_StaticEditorFlags: 0
  m_IsActive: 1
--- !u!4 &795228992
Transform:
  m_ObjectHideFlags: 0
  m_CorrespondingSourceObject: {fileID: 0}
  m_PrefabInternal: {fileID: 0}
  m_GameObject: {fileID: 795228991}
  m_LocalRotation: {x: -0, y: -0, z: -0, w: 1}
  m_LocalPosition: {x: 0, y: 0, z: 0}
  m_LocalScale: {x: 1, y: 1, z: 1}
  m_Children:
  - {fileID: 1271760179}
  - {fileID: 414108506}
  - {fileID: 1578964311}
  - {fileID: 1100845534}
  m_Father: {fileID: 0}
  m_RootOrder: 0
  m_LocalEulerAnglesHint: {x: 0, y: 0, z: 0}
--- !u!1 &806128858
GameObject:
  m_ObjectHideFlags: 0
  m_CorrespondingSourceObject: {fileID: 0}
  m_PrefabInternal: {fileID: 0}
  serializedVersion: 6
  m_Component:
  - component: {fileID: 806128860}
  - component: {fileID: 806128859}
  m_Layer: 0
  m_Name: SceneManager
  m_TagString: Untagged
  m_Icon: {fileID: 0}
  m_NavMeshLayer: 0
  m_StaticEditorFlags: 0
  m_IsActive: 1
--- !u!114 &806128859
MonoBehaviour:
  m_ObjectHideFlags: 0
  m_CorrespondingSourceObject: {fileID: 0}
  m_PrefabInternal: {fileID: 0}
  m_GameObject: {fileID: 806128858}
  m_Enabled: 1
  m_EditorHideFlags: 0
  m_Script: {fileID: 11500000, guid: ae7c28423f7205645a18d52fdbca0a40, type: 3}
  m_Name: 
  m_EditorClassIdentifier: 
  pnlLanding: {fileID: 645005481}
  pnlLoading: {fileID: 1721263099}
  pnlLogin: {fileID: 1460331829}
  pnlDashboard: {fileID: 1452136392}
  NonUI: {fileID: 795228991}
  frame: {fileID: 961076282}
--- !u!4 &806128860
Transform:
  m_ObjectHideFlags: 0
  m_CorrespondingSourceObject: {fileID: 0}
  m_PrefabInternal: {fileID: 0}
  m_GameObject: {fileID: 806128858}
  m_LocalRotation: {x: 0, y: 0, z: 0, w: 1}
  m_LocalPosition: {x: 0, y: 0, z: 0}
  m_LocalScale: {x: 1, y: 1, z: 1}
  m_Children: []
  m_Father: {fileID: 0}
  m_RootOrder: 5
  m_LocalEulerAnglesHint: {x: 0, y: 0, z: 0}
--- !u!1 &819259905
GameObject:
  m_ObjectHideFlags: 0
  m_CorrespondingSourceObject: {fileID: 0}
  m_PrefabInternal: {fileID: 0}
  serializedVersion: 6
  m_Component:
  - component: {fileID: 819259908}
  - component: {fileID: 819259907}
  - component: {fileID: 819259906}
  m_Layer: 0
  m_Name: EventSystem
  m_TagString: Untagged
  m_Icon: {fileID: 0}
  m_NavMeshLayer: 0
  m_StaticEditorFlags: 0
  m_IsActive: 1
--- !u!114 &819259906
MonoBehaviour:
  m_ObjectHideFlags: 0
  m_CorrespondingSourceObject: {fileID: 0}
  m_PrefabInternal: {fileID: 0}
  m_GameObject: {fileID: 819259905}
  m_Enabled: 1
  m_EditorHideFlags: 0
  m_Script: {fileID: 1077351063, guid: f70555f144d8491a825f0804e09c671c, type: 3}
  m_Name: 
  m_EditorClassIdentifier: 
  m_HorizontalAxis: Horizontal
  m_VerticalAxis: Vertical
  m_SubmitButton: Submit
  m_CancelButton: Cancel
  m_InputActionsPerSecond: 10
  m_RepeatDelay: 0.5
  m_ForceModuleActive: 0
--- !u!114 &819259907
MonoBehaviour:
  m_ObjectHideFlags: 0
  m_CorrespondingSourceObject: {fileID: 0}
  m_PrefabInternal: {fileID: 0}
  m_GameObject: {fileID: 819259905}
  m_Enabled: 1
  m_EditorHideFlags: 0
  m_Script: {fileID: -619905303, guid: f70555f144d8491a825f0804e09c671c, type: 3}
  m_Name: 
  m_EditorClassIdentifier: 
  m_FirstSelected: {fileID: 0}
  m_sendNavigationEvents: 1
  m_DragThreshold: 10
--- !u!4 &819259908
Transform:
  m_ObjectHideFlags: 0
  m_CorrespondingSourceObject: {fileID: 0}
  m_PrefabInternal: {fileID: 0}
  m_GameObject: {fileID: 819259905}
  m_LocalRotation: {x: 0, y: 0, z: 0, w: 1}
  m_LocalPosition: {x: 0, y: 0, z: 0}
  m_LocalScale: {x: 1, y: 1, z: 1}
  m_Children: []
  m_Father: {fileID: 0}
  m_RootOrder: 4
  m_LocalEulerAnglesHint: {x: 0, y: 0, z: 0}
--- !u!1 &961076282 stripped
GameObject:
  m_CorrespondingSourceObject: {fileID: 1770171178677858, guid: a81b9ac125797b346a41a4b3900c7b8e,
    type: 2}
  m_PrefabInternal: {fileID: 541004414}
--- !u!4 &1100845534 stripped
Transform:
  m_CorrespondingSourceObject: {fileID: 4023885084612402, guid: 1668b41f01ea214449a4bb8aa5c08dd1,
    type: 2}
  m_PrefabInternal: {fileID: 644470707}
--- !u!1001 &1270020479
Prefab:
  m_ObjectHideFlags: 0
  serializedVersion: 2
  m_Modification:
    m_TransformParent: {fileID: 659856407}
    m_Modifications:
    - target: {fileID: 114878817181585118, guid: b21d2b505445f8f40bc939bfc68548af,
        type: 2}
      propertyPath: m_OnClick.m_PersistentCalls.m_Calls.Array.size
      value: 1
      objectReference: {fileID: 0}
    - target: {fileID: 224976981903498420, guid: b21d2b505445f8f40bc939bfc68548af,
        type: 2}
      propertyPath: m_LocalPosition.x
      value: 0
      objectReference: {fileID: 0}
    - target: {fileID: 224976981903498420, guid: b21d2b505445f8f40bc939bfc68548af,
        type: 2}
      propertyPath: m_LocalPosition.y
      value: 0
      objectReference: {fileID: 0}
    - target: {fileID: 224976981903498420, guid: b21d2b505445f8f40bc939bfc68548af,
        type: 2}
      propertyPath: m_LocalPosition.z
      value: 0
      objectReference: {fileID: 0}
    - target: {fileID: 224976981903498420, guid: b21d2b505445f8f40bc939bfc68548af,
        type: 2}
      propertyPath: m_LocalRotation.x
      value: -0
      objectReference: {fileID: 0}
    - target: {fileID: 224976981903498420, guid: b21d2b505445f8f40bc939bfc68548af,
        type: 2}
      propertyPath: m_LocalRotation.y
      value: -0
      objectReference: {fileID: 0}
    - target: {fileID: 224976981903498420, guid: b21d2b505445f8f40bc939bfc68548af,
        type: 2}
      propertyPath: m_LocalRotation.z
      value: -0
      objectReference: {fileID: 0}
    - target: {fileID: 224976981903498420, guid: b21d2b505445f8f40bc939bfc68548af,
        type: 2}
      propertyPath: m_LocalRotation.w
      value: 1
      objectReference: {fileID: 0}
    - target: {fileID: 224976981903498420, guid: b21d2b505445f8f40bc939bfc68548af,
        type: 2}
      propertyPath: m_RootOrder
      value: 0
      objectReference: {fileID: 0}
    - target: {fileID: 224976981903498420, guid: b21d2b505445f8f40bc939bfc68548af,
        type: 2}
      propertyPath: m_AnchoredPosition.x
      value: 0
      objectReference: {fileID: 0}
    - target: {fileID: 224976981903498420, guid: b21d2b505445f8f40bc939bfc68548af,
        type: 2}
      propertyPath: m_AnchoredPosition.y
      value: 0
      objectReference: {fileID: 0}
    - target: {fileID: 224976981903498420, guid: b21d2b505445f8f40bc939bfc68548af,
        type: 2}
      propertyPath: m_SizeDelta.x
      value: 1757.4
      objectReference: {fileID: 0}
    - target: {fileID: 224976981903498420, guid: b21d2b505445f8f40bc939bfc68548af,
        type: 2}
      propertyPath: m_SizeDelta.y
      value: 952.5
      objectReference: {fileID: 0}
    - target: {fileID: 224976981903498420, guid: b21d2b505445f8f40bc939bfc68548af,
        type: 2}
      propertyPath: m_AnchorMin.x
      value: 0.5
      objectReference: {fileID: 0}
    - target: {fileID: 224976981903498420, guid: b21d2b505445f8f40bc939bfc68548af,
        type: 2}
      propertyPath: m_AnchorMin.y
      value: 0.5
      objectReference: {fileID: 0}
    - target: {fileID: 224976981903498420, guid: b21d2b505445f8f40bc939bfc68548af,
        type: 2}
      propertyPath: m_AnchorMax.x
      value: 0.5
      objectReference: {fileID: 0}
    - target: {fileID: 224976981903498420, guid: b21d2b505445f8f40bc939bfc68548af,
        type: 2}
      propertyPath: m_AnchorMax.y
      value: 0.5
      objectReference: {fileID: 0}
    - target: {fileID: 224976981903498420, guid: b21d2b505445f8f40bc939bfc68548af,
        type: 2}
      propertyPath: m_Pivot.x
      value: 0.5
      objectReference: {fileID: 0}
    - target: {fileID: 224976981903498420, guid: b21d2b505445f8f40bc939bfc68548af,
        type: 2}
      propertyPath: m_Pivot.y
      value: 0.5
      objectReference: {fileID: 0}
    - target: {fileID: 114069278478637006, guid: b21d2b505445f8f40bc939bfc68548af,
        type: 2}
      propertyPath: m_OnClick.m_PersistentCalls.m_Calls.Array.data[0].m_Target
      value: 
      objectReference: {fileID: 806128859}
    - target: {fileID: 114339272323881704, guid: b21d2b505445f8f40bc939bfc68548af,
        type: 2}
      propertyPath: m_havePropertiesChanged
      value: 1
      objectReference: {fileID: 0}
    - target: {fileID: 114339272323881704, guid: b21d2b505445f8f40bc939bfc68548af,
        type: 2}
      propertyPath: m_isInputParsingRequired
      value: 1
      objectReference: {fileID: 0}
    - target: {fileID: 1980589061755392, guid: b21d2b505445f8f40bc939bfc68548af, type: 2}
      propertyPath: m_IsActive
      value: 0
      objectReference: {fileID: 0}
    - target: {fileID: 114069278478637006, guid: b21d2b505445f8f40bc939bfc68548af,
        type: 2}
      propertyPath: m_OnClick.m_PersistentCalls.m_Calls.Array.data[0].m_MethodName
      value: GotoLogin
      objectReference: {fileID: 0}
    - target: {fileID: 114878817181585118, guid: b21d2b505445f8f40bc939bfc68548af,
        type: 2}
      propertyPath: m_OnClick.m_PersistentCalls.m_Calls.Array.data[0].m_Mode
      value: 1
      objectReference: {fileID: 0}
    - target: {fileID: 114878817181585118, guid: b21d2b505445f8f40bc939bfc68548af,
        type: 2}
      propertyPath: m_OnClick.m_PersistentCalls.m_Calls.Array.data[0].m_CallState
      value: 2
      objectReference: {fileID: 0}
    - target: {fileID: 114878817181585118, guid: b21d2b505445f8f40bc939bfc68548af,
        type: 2}
      propertyPath: m_OnClick.m_PersistentCalls.m_Calls.Array.data[0].m_Target
      value: 
      objectReference: {fileID: 806128859}
    - target: {fileID: 114878817181585118, guid: b21d2b505445f8f40bc939bfc68548af,
        type: 2}
      propertyPath: m_OnClick.m_PersistentCalls.m_Calls.Array.data[0].m_MethodName
      value: KillEverything
      objectReference: {fileID: 0}
    - target: {fileID: 114878817181585118, guid: b21d2b505445f8f40bc939bfc68548af,
        type: 2}
      propertyPath: m_OnClick.m_PersistentCalls.m_Calls.Array.data[0].m_Arguments.m_ObjectArgumentAssemblyTypeName
      value: UnityEngine.Object, UnityEngine
      objectReference: {fileID: 0}
    m_RemovedComponents: []
  m_SourcePrefab: {fileID: 100100000, guid: b21d2b505445f8f40bc939bfc68548af, type: 2}
  m_IsPrefabAsset: 0
--- !u!1 &1271760176
GameObject:
  m_ObjectHideFlags: 0
  m_CorrespondingSourceObject: {fileID: 0}
  m_PrefabInternal: {fileID: 0}
  serializedVersion: 6
  m_Component:
  - component: {fileID: 1271760179}
  - component: {fileID: 1271760178}
  - component: {fileID: 1271760177}
  - component: {fileID: 1271760180}
  - component: {fileID: 1271760181}
  m_Layer: 0
  m_Name: Main Camera
  m_TagString: MainCamera
  m_Icon: {fileID: 0}
  m_NavMeshLayer: 0
  m_StaticEditorFlags: 0
  m_IsActive: 1
--- !u!81 &1271760177
AudioListener:
  m_ObjectHideFlags: 0
  m_CorrespondingSourceObject: {fileID: 0}
  m_PrefabInternal: {fileID: 0}
  m_GameObject: {fileID: 1271760176}
  m_Enabled: 1
--- !u!20 &1271760178
Camera:
  m_ObjectHideFlags: 0
  m_CorrespondingSourceObject: {fileID: 0}
  m_PrefabInternal: {fileID: 0}
  m_GameObject: {fileID: 1271760176}
  m_Enabled: 1
  serializedVersion: 2
  m_ClearFlags: 1
  m_BackGroundColor: {r: 0.19215687, g: 0.3019608, b: 0.4745098, a: 0}
  m_projectionMatrixMode: 1
  m_SensorSize: {x: 36, y: 24}
  m_LensShift: {x: 0, y: 0}
  m_FocalLength: 50
  m_NormalizedViewPortRect:
    serializedVersion: 2
    x: 0
    y: 0
    width: 1
    height: 1
  near clip plane: 0.3
  far clip plane: 1000
  field of view: 60
  orthographic: 0
  orthographic size: 5
  m_Depth: -1
  m_CullingMask:
    serializedVersion: 2
    m_Bits: 279
  m_RenderingPath: -1
  m_TargetTexture: {fileID: 0}
  m_TargetDisplay: 0
  m_TargetEye: 3
  m_HDR: 1
  m_AllowMSAA: 1
  m_AllowDynamicResolution: 0
  m_ForceIntoRT: 0
  m_OcclusionCulling: 1
  m_StereoConvergence: 10
  m_StereoSeparation: 0.022
--- !u!4 &1271760179
Transform:
  m_ObjectHideFlags: 0
  m_CorrespondingSourceObject: {fileID: 0}
  m_PrefabInternal: {fileID: 0}
  m_GameObject: {fileID: 1271760176}
  m_LocalRotation: {x: 0.7071068, y: 0, z: 0, w: 0.7071068}
  m_LocalPosition: {x: 4.4, y: 21, z: 0}
  m_LocalScale: {x: 1, y: 1, z: 1}
  m_Children: []
  m_Father: {fileID: 795228992}
  m_RootOrder: 0
  m_LocalEulerAnglesHint: {x: 90, y: 0, z: 0}
--- !u!114 &1271760180
MonoBehaviour:
  m_ObjectHideFlags: 0
  m_CorrespondingSourceObject: {fileID: 0}
  m_PrefabInternal: {fileID: 0}
  m_GameObject: {fileID: 1271760176}
  m_Enabled: 1
  m_EditorHideFlags: 0
  m_Script: {fileID: 11500000, guid: a5b5df0048dce1b41ae5e2ac40cf71bd, type: 3}
  m_Name: 
  m_EditorClassIdentifier: 
  test: {fileID: 1187858777804456, guid: 90cea0fd620400b429d0b64529234328, type: 2}
--- !u!114 &1271760181
MonoBehaviour:
  m_ObjectHideFlags: 0
  m_CorrespondingSourceObject: {fileID: 0}
  m_PrefabInternal: {fileID: 0}
  m_GameObject: {fileID: 1271760176}
  m_Enabled: 1
  m_EditorHideFlags: 0
  m_Script: {fileID: 11500000, guid: fdadbcaa32629d24abb59254d115bc3d, type: 3}
  m_Name: 
  m_EditorClassIdentifier: 
  selectedCube: {fileID: 0}
--- !u!224 &1343730732 stripped
RectTransform:
  m_CorrespondingSourceObject: {fileID: 224304979837155318, guid: a4890ba49f97f754aa926024460d0c25,
    type: 2}
  m_PrefabInternal: {fileID: 1575900073}
--- !u!1 &1452136392 stripped
GameObject:
  m_CorrespondingSourceObject: {fileID: 1557017607097812, guid: 14ade613f2ed2c946a616d4e81845c8a,
    type: 2}
  m_PrefabInternal: {fileID: 360231492}
--- !u!1 &1460331829 stripped
GameObject:
  m_CorrespondingSourceObject: {fileID: 1440092575270094, guid: a4890ba49f97f754aa926024460d0c25,
    type: 2}
  m_PrefabInternal: {fileID: 1575900073}
--- !u!1001 &1462048485
Prefab:
  m_ObjectHideFlags: 0
  serializedVersion: 2
  m_Modification:
    m_TransformParent: {fileID: 1770118456}
    m_Modifications:
    - target: {fileID: 224436502292192854, guid: e965d44225ac5e34887c814ce645f040,
        type: 2}
      propertyPath: m_LocalPosition.x
      value: 0
      objectReference: {fileID: 0}
    - target: {fileID: 224436502292192854, guid: e965d44225ac5e34887c814ce645f040,
        type: 2}
      propertyPath: m_LocalPosition.y
      value: 0
      objectReference: {fileID: 0}
    - target: {fileID: 224436502292192854, guid: e965d44225ac5e34887c814ce645f040,
        type: 2}
      propertyPath: m_LocalPosition.z
      value: 0
      objectReference: {fileID: 0}
    - target: {fileID: 224436502292192854, guid: e965d44225ac5e34887c814ce645f040,
        type: 2}
      propertyPath: m_LocalRotation.x
      value: 0
      objectReference: {fileID: 0}
    - target: {fileID: 224436502292192854, guid: e965d44225ac5e34887c814ce645f040,
        type: 2}
      propertyPath: m_LocalRotation.y
      value: 0
      objectReference: {fileID: 0}
    - target: {fileID: 224436502292192854, guid: e965d44225ac5e34887c814ce645f040,
        type: 2}
      propertyPath: m_LocalRotation.z
      value: 0
      objectReference: {fileID: 0}
    - target: {fileID: 224436502292192854, guid: e965d44225ac5e34887c814ce645f040,
        type: 2}
      propertyPath: m_LocalRotation.w
      value: 1
      objectReference: {fileID: 0}
    - target: {fileID: 224436502292192854, guid: e965d44225ac5e34887c814ce645f040,
        type: 2}
      propertyPath: m_RootOrder
      value: 0
      objectReference: {fileID: 0}
    - target: {fileID: 224436502292192854, guid: e965d44225ac5e34887c814ce645f040,
        type: 2}
      propertyPath: m_AnchoredPosition.x
      value: 0
      objectReference: {fileID: 0}
    - target: {fileID: 224436502292192854, guid: e965d44225ac5e34887c814ce645f040,
        type: 2}
      propertyPath: m_AnchoredPosition.y
      value: 0
      objectReference: {fileID: 0}
    - target: {fileID: 224436502292192854, guid: e965d44225ac5e34887c814ce645f040,
        type: 2}
      propertyPath: m_SizeDelta.x
      value: 1920
      objectReference: {fileID: 0}
    - target: {fileID: 224436502292192854, guid: e965d44225ac5e34887c814ce645f040,
        type: 2}
      propertyPath: m_SizeDelta.y
      value: 1080
      objectReference: {fileID: 0}
    - target: {fileID: 224436502292192854, guid: e965d44225ac5e34887c814ce645f040,
        type: 2}
      propertyPath: m_AnchorMin.x
      value: 0.5
      objectReference: {fileID: 0}
    - target: {fileID: 224436502292192854, guid: e965d44225ac5e34887c814ce645f040,
        type: 2}
      propertyPath: m_AnchorMin.y
      value: 0.5
      objectReference: {fileID: 0}
    - target: {fileID: 224436502292192854, guid: e965d44225ac5e34887c814ce645f040,
        type: 2}
      propertyPath: m_AnchorMax.x
      value: 0.5
      objectReference: {fileID: 0}
    - target: {fileID: 224436502292192854, guid: e965d44225ac5e34887c814ce645f040,
        type: 2}
      propertyPath: m_AnchorMax.y
      value: 0.5
      objectReference: {fileID: 0}
    - target: {fileID: 224436502292192854, guid: e965d44225ac5e34887c814ce645f040,
        type: 2}
      propertyPath: m_Pivot.x
      value: 0.5
      objectReference: {fileID: 0}
    - target: {fileID: 224436502292192854, guid: e965d44225ac5e34887c814ce645f040,
        type: 2}
      propertyPath: m_Pivot.y
      value: 0.5
      objectReference: {fileID: 0}
    - target: {fileID: 1626799608820842, guid: e965d44225ac5e34887c814ce645f040, type: 2}
      propertyPath: m_IsActive
      value: 1
      objectReference: {fileID: 0}
    - target: {fileID: 114127783471606706, guid: e965d44225ac5e34887c814ce645f040,
        type: 2}
      propertyPath: m_Sprite
      value: 
      objectReference: {fileID: 21300000, guid: 16bda8c6be9d53448be753c86f776216,
        type: 3}
    - target: {fileID: 114127783471606706, guid: e965d44225ac5e34887c814ce645f040,
        type: 2}
      propertyPath: m_Type
      value: 0
      objectReference: {fileID: 0}
    m_RemovedComponents: []
  m_SourcePrefab: {fileID: 100100000, guid: e965d44225ac5e34887c814ce645f040, type: 2}
  m_IsPrefabAsset: 0
--- !u!1001 &1575900073
Prefab:
  m_ObjectHideFlags: 0
  serializedVersion: 2
  m_Modification:
    m_TransformParent: {fileID: 659856407}
    m_Modifications:
    - target: {fileID: 224304979837155318, guid: a4890ba49f97f754aa926024460d0c25,
        type: 2}
      propertyPath: m_LocalPosition.x
      value: 0
      objectReference: {fileID: 0}
    - target: {fileID: 224304979837155318, guid: a4890ba49f97f754aa926024460d0c25,
        type: 2}
      propertyPath: m_LocalPosition.y
      value: 0
      objectReference: {fileID: 0}
    - target: {fileID: 224304979837155318, guid: a4890ba49f97f754aa926024460d0c25,
        type: 2}
      propertyPath: m_LocalPosition.z
      value: 0
      objectReference: {fileID: 0}
    - target: {fileID: 224304979837155318, guid: a4890ba49f97f754aa926024460d0c25,
        type: 2}
      propertyPath: m_LocalRotation.x
      value: -0
      objectReference: {fileID: 0}
    - target: {fileID: 224304979837155318, guid: a4890ba49f97f754aa926024460d0c25,
        type: 2}
      propertyPath: m_LocalRotation.y
      value: -0
      objectReference: {fileID: 0}
    - target: {fileID: 224304979837155318, guid: a4890ba49f97f754aa926024460d0c25,
        type: 2}
      propertyPath: m_LocalRotation.z
      value: -0
      objectReference: {fileID: 0}
    - target: {fileID: 224304979837155318, guid: a4890ba49f97f754aa926024460d0c25,
        type: 2}
      propertyPath: m_LocalRotation.w
      value: 1
      objectReference: {fileID: 0}
    - target: {fileID: 224304979837155318, guid: a4890ba49f97f754aa926024460d0c25,
        type: 2}
      propertyPath: m_RootOrder
      value: 2
      objectReference: {fileID: 0}
    - target: {fileID: 224304979837155318, guid: a4890ba49f97f754aa926024460d0c25,
        type: 2}
      propertyPath: m_AnchoredPosition.x
      value: -0.000061035156
      objectReference: {fileID: 0}
    - target: {fileID: 224304979837155318, guid: a4890ba49f97f754aa926024460d0c25,
        type: 2}
      propertyPath: m_AnchoredPosition.y
      value: -0.000061035156
      objectReference: {fileID: 0}
    - target: {fileID: 224304979837155318, guid: a4890ba49f97f754aa926024460d0c25,
        type: 2}
      propertyPath: m_SizeDelta.x
      value: 1757.4
      objectReference: {fileID: 0}
    - target: {fileID: 224304979837155318, guid: a4890ba49f97f754aa926024460d0c25,
        type: 2}
      propertyPath: m_SizeDelta.y
      value: 952.5
      objectReference: {fileID: 0}
    - target: {fileID: 224304979837155318, guid: a4890ba49f97f754aa926024460d0c25,
        type: 2}
      propertyPath: m_AnchorMin.x
      value: 0.5
      objectReference: {fileID: 0}
    - target: {fileID: 224304979837155318, guid: a4890ba49f97f754aa926024460d0c25,
        type: 2}
      propertyPath: m_AnchorMin.y
      value: 0.5
      objectReference: {fileID: 0}
    - target: {fileID: 224304979837155318, guid: a4890ba49f97f754aa926024460d0c25,
        type: 2}
      propertyPath: m_AnchorMax.x
      value: 0.5
      objectReference: {fileID: 0}
    - target: {fileID: 224304979837155318, guid: a4890ba49f97f754aa926024460d0c25,
        type: 2}
      propertyPath: m_AnchorMax.y
      value: 0.5
      objectReference: {fileID: 0}
    - target: {fileID: 224304979837155318, guid: a4890ba49f97f754aa926024460d0c25,
        type: 2}
      propertyPath: m_Pivot.x
      value: 0.5
      objectReference: {fileID: 0}
    - target: {fileID: 224304979837155318, guid: a4890ba49f97f754aa926024460d0c25,
        type: 2}
      propertyPath: m_Pivot.y
      value: 0.5
      objectReference: {fileID: 0}
    - target: {fileID: 114203693924381994, guid: a4890ba49f97f754aa926024460d0c25,
        type: 2}
      propertyPath: m_OnClick.m_PersistentCalls.m_Calls.Array.data[0].m_Target
      value: 
      objectReference: {fileID: 806128859}
    - target: {fileID: 114623015053298528, guid: a4890ba49f97f754aa926024460d0c25,
        type: 2}
      propertyPath: m_OnClick.m_PersistentCalls.m_Calls.Array.data[0].m_Target
      value: 
      objectReference: {fileID: 806128859}
    - target: {fileID: 114280542728730284, guid: a4890ba49f97f754aa926024460d0c25,
        type: 2}
      propertyPath: m_havePropertiesChanged
      value: 1
      objectReference: {fileID: 0}
    - target: {fileID: 114280542728730284, guid: a4890ba49f97f754aa926024460d0c25,
        type: 2}
      propertyPath: m_isInputParsingRequired
      value: 1
      objectReference: {fileID: 0}
    - target: {fileID: 114836527971251022, guid: a4890ba49f97f754aa926024460d0c25,
        type: 2}
      propertyPath: m_havePropertiesChanged
      value: 1
      objectReference: {fileID: 0}
    - target: {fileID: 114836527971251022, guid: a4890ba49f97f754aa926024460d0c25,
        type: 2}
      propertyPath: m_isInputParsingRequired
      value: 1
      objectReference: {fileID: 0}
    - target: {fileID: 114006813020173236, guid: a4890ba49f97f754aa926024460d0c25,
        type: 2}
      propertyPath: m_havePropertiesChanged
      value: 1
      objectReference: {fileID: 0}
    - target: {fileID: 114006813020173236, guid: a4890ba49f97f754aa926024460d0c25,
        type: 2}
      propertyPath: m_isInputParsingRequired
      value: 1
      objectReference: {fileID: 0}
    - target: {fileID: 114352562829972510, guid: a4890ba49f97f754aa926024460d0c25,
        type: 2}
      propertyPath: m_havePropertiesChanged
      value: 1
      objectReference: {fileID: 0}
    - target: {fileID: 114352562829972510, guid: a4890ba49f97f754aa926024460d0c25,
        type: 2}
      propertyPath: m_isInputParsingRequired
      value: 1
      objectReference: {fileID: 0}
    - target: {fileID: 114989300696678228, guid: a4890ba49f97f754aa926024460d0c25,
        type: 2}
      propertyPath: m_havePropertiesChanged
      value: 1
      objectReference: {fileID: 0}
    - target: {fileID: 114989300696678228, guid: a4890ba49f97f754aa926024460d0c25,
        type: 2}
      propertyPath: m_isInputParsingRequired
      value: 1
      objectReference: {fileID: 0}
    - target: {fileID: 1440092575270094, guid: a4890ba49f97f754aa926024460d0c25, type: 2}
      propertyPath: m_IsActive
      value: 0
      objectReference: {fileID: 0}
    m_RemovedComponents: []
  m_SourcePrefab: {fileID: 100100000, guid: a4890ba49f97f754aa926024460d0c25, type: 2}
  m_IsPrefabAsset: 0
--- !u!1001 &1578964310
Prefab:
  m_ObjectHideFlags: 0
  serializedVersion: 2
  m_Modification:
    m_TransformParent: {fileID: 795228992}
    m_Modifications:
    - target: {fileID: 4923604927271706, guid: 90cea0fd620400b429d0b64529234328, type: 2}
      propertyPath: m_LocalPosition.x
      value: -3.2
      objectReference: {fileID: 0}
    - target: {fileID: 4923604927271706, guid: 90cea0fd620400b429d0b64529234328, type: 2}
      propertyPath: m_LocalPosition.y
      value: 1.35
      objectReference: {fileID: 0}
    - target: {fileID: 4923604927271706, guid: 90cea0fd620400b429d0b64529234328, type: 2}
      propertyPath: m_LocalPosition.z
      value: 0
      objectReference: {fileID: 0}
    - target: {fileID: 4923604927271706, guid: 90cea0fd620400b429d0b64529234328, type: 2}
      propertyPath: m_LocalRotation.x
      value: 0
      objectReference: {fileID: 0}
    - target: {fileID: 4923604927271706, guid: 90cea0fd620400b429d0b64529234328, type: 2}
      propertyPath: m_LocalRotation.y
      value: 0
      objectReference: {fileID: 0}
    - target: {fileID: 4923604927271706, guid: 90cea0fd620400b429d0b64529234328, type: 2}
      propertyPath: m_LocalRotation.z
      value: 0
      objectReference: {fileID: 0}
    - target: {fileID: 4923604927271706, guid: 90cea0fd620400b429d0b64529234328, type: 2}
      propertyPath: m_LocalRotation.w
      value: 1
      objectReference: {fileID: 0}
    - target: {fileID: 4923604927271706, guid: 90cea0fd620400b429d0b64529234328, type: 2}
      propertyPath: m_RootOrder
      value: 2
      objectReference: {fileID: 0}
    m_RemovedComponents: []
  m_SourcePrefab: {fileID: 100100000, guid: 90cea0fd620400b429d0b64529234328, type: 2}
  m_IsPrefabAsset: 0
--- !u!4 &1578964311 stripped
Transform:
  m_CorrespondingSourceObject: {fileID: 4923604927271706, guid: 90cea0fd620400b429d0b64529234328,
    type: 2}
  m_PrefabInternal: {fileID: 1578964310}
--- !u!1 &1721263099 stripped
GameObject:
  m_CorrespondingSourceObject: {fileID: 1565376698643818, guid: 88df1a47ef71ed245aed545285150ad2,
    type: 2}
  m_PrefabInternal: {fileID: 503542717}
--- !u!224 &1756783425 stripped
RectTransform:
  m_CorrespondingSourceObject: {fileID: 224672170663557808, guid: 88df1a47ef71ed245aed545285150ad2,
    type: 2}
  m_PrefabInternal: {fileID: 503542717}
--- !u!1 &1770118452
GameObject:
  m_ObjectHideFlags: 0
  m_CorrespondingSourceObject: {fileID: 0}
  m_PrefabInternal: {fileID: 0}
  serializedVersion: 6
  m_Component:
  - component: {fileID: 1770118456}
  - component: {fileID: 1770118455}
  - component: {fileID: 1770118454}
  - component: {fileID: 1770118453}
  m_Layer: 5
  m_Name: Canvas
  m_TagString: Untagged
  m_Icon: {fileID: 0}
  m_NavMeshLayer: 0
  m_StaticEditorFlags: 0
  m_IsActive: 1
--- !u!114 &1770118453
MonoBehaviour:
  m_ObjectHideFlags: 0
  m_CorrespondingSourceObject: {fileID: 0}
  m_PrefabInternal: {fileID: 0}
  m_GameObject: {fileID: 1770118452}
  m_Enabled: 1
  m_EditorHideFlags: 0
  m_Script: {fileID: 1301386320, guid: f70555f144d8491a825f0804e09c671c, type: 3}
  m_Name: 
  m_EditorClassIdentifier: 
  m_IgnoreReversedGraphics: 1
  m_BlockingObjects: 0
  m_BlockingMask:
    serializedVersion: 2
    m_Bits: 4294967295
--- !u!114 &1770118454
MonoBehaviour:
  m_ObjectHideFlags: 0
  m_CorrespondingSourceObject: {fileID: 0}
  m_PrefabInternal: {fileID: 0}
  m_GameObject: {fileID: 1770118452}
  m_Enabled: 1
  m_EditorHideFlags: 0
  m_Script: {fileID: 1980459831, guid: f70555f144d8491a825f0804e09c671c, type: 3}
  m_Name: 
  m_EditorClassIdentifier: 
  m_UiScaleMode: 1
  m_ReferencePixelsPerUnit: 100
  m_ScaleFactor: 1
  m_ReferenceResolution: {x: 1920, y: 1080}
  m_ScreenMatchMode: 0
  m_MatchWidthOrHeight: 0.5
  m_PhysicalUnit: 3
  m_FallbackScreenDPI: 96
  m_DefaultSpriteDPI: 96
  m_DynamicPixelsPerUnit: 1
--- !u!223 &1770118455
Canvas:
  m_ObjectHideFlags: 0
  m_CorrespondingSourceObject: {fileID: 0}
  m_PrefabInternal: {fileID: 0}
  m_GameObject: {fileID: 1770118452}
  m_Enabled: 1
  serializedVersion: 3
  m_RenderMode: 1
  m_Camera: {fileID: 704307603}
  m_PlaneDistance: 100
  m_PixelPerfect: 0
  m_ReceivesEvents: 1
  m_OverrideSorting: 0
  m_OverridePixelPerfect: 0
  m_SortingBucketNormalizedSize: 0
  m_AdditionalShaderChannelsFlag: 25
  m_SortingLayerID: 0
  m_SortingOrder: 0
  m_TargetDisplay: 0
--- !u!224 &1770118456
RectTransform:
  m_ObjectHideFlags: 0
  m_CorrespondingSourceObject: {fileID: 0}
  m_PrefabInternal: {fileID: 0}
  m_GameObject: {fileID: 1770118452}
  m_LocalRotation: {x: 0, y: 0, z: 0, w: 1}
  m_LocalPosition: {x: 0, y: 0, z: 0}
  m_LocalScale: {x: 0, y: 0, z: 0}
  m_Children:
  - {fileID: 779170652}
  - {fileID: 541004415}
  - {fileID: 659856407}
  m_Father: {fileID: 0}
  m_RootOrder: 3
  m_LocalEulerAnglesHint: {x: 0, y: 0, z: 0}
  m_AnchorMin: {x: 0, y: 0}
  m_AnchorMax: {x: 0, y: 0}
  m_AnchoredPosition: {x: 0, y: 0}
  m_SizeDelta: {x: 0, y: 0}
  m_Pivot: {x: 0, y: 0}
